[gd_scene load_steps=7 format=2]

[ext_resource path="res://Node2D.gd" type="Script" id=1]
[ext_resource path="res://icon.png" type="Texture" id=2]
[ext_resource path="res://KinematicBody2D.gd" type="Script" id=3]

[sub_resource type="Curve2D" id=1]
_data = {
"points": PoolVector2Array(  )
}

[sub_resource type="Curve2D" id=2]
bake_interval = 0.01
_data = {
"points": PoolVector2Array( 0, 0, 0, 0, -632, 516, 0, 0, 0, 0, -263, 506, 0, 0, 0, 0, 76, 495, 0, 0, 0, 0, 572, 546, 0, 0, 0, 0, 630, 527, 0, 0, 0, 0, 664, 479, 0, 0, 0, 0, 702, 428, 0, 0, 0, 0, 688, 109, 0, 0, 0, 0, -716, 128, 0, 0, 0, 0, -709, 503, 0, 0, 0, 0, -686, 511, 0, 0, 0, 0, -641, 514, 0, 0, 0, 0, -636, 516 )
}

[sub_resource type="CircleShape2D" id=3]

[node name="Node2D" type="Path2D"]
curve = SubResource( 1 )
script = ExtResource( 1 )

[node name="Path2D" type="Path2D" parent="."]
position = Vector2( -62.6121, -9.99542 )
scale = Vector2( 0.912553, 1.01831 )
curve = SubResource( 2 )

[node name="PathFollow2D" type="PathFollow2D" parent="Path2D"]
position = Vector2( -632, 516 )
rotation = -0.0270977

[node name="Sprite" type="Sprite" parent="Path2D/PathFollow2D"]
position = Vector2( -21.9377, -2.59537 )
texture = ExtResource( 2 )
offset = Vector2( 10, 0 )

[node name="KinematicBody2D" type="KinematicBody2D" parent="Path2D/PathFollow2D/Sprite"]
script = ExtResource( 3 )

[node name="CollisionShape2D" type="CollisionShape2D" parent="Path2D/PathFollow2D/Sprite/KinematicBody2D"]
shape = SubResource( 3 )
